@article{Eades,
 author = {Eades, Peter },
 journal = {Congressus numerantium},
 year = {1984},
 pages = {149--160},
 title = {A heuristic for graph drawing},
 language = {english},
note = {(дата обращения: 26.11.2023)}
}


@article{FR,
 author = {Fruchterman, Thomas and Reingold, Edward},
 journal = {Software - Practice and Experience},
 year = {1991},
 pages = {1129--1164},
 title = {Graph Drawing by Force-directed Placement},
 language = {english},
note = {(дата обращения: 28.11.2023)}
}


@article{KK,
 author = {Kamada, Tomihisa and  Kawai, Satoru},
 journal = {Information Processing Letters}, 
 year = {1989},
 pages = {7--15},
 title = {An algorithm for drawing general undirected graphs},
 language = {english},
 note = {(дата обращения: 10.12.2023)}
}

@misc{FloydWarshall,
  title = {Алгоритм Флойда},
  url = {https://neerc.ifmo.ru/wiki/index.php?title=Алгоритм_Флойда},
  note = {(дата обращения: 28.12.2023)}
}

@misc{NVIM,
title = {Редактор кода neovim},
url = {https://neovim.io/},
note = {(дата обращения: 18.01.2024)}
}

@misc{TSLSP,
title = {Языковой сервер для typescript},
url = {https://github.com/typescript-language-server/typescript-language-server},
note = {(дата обращения: 18.01.2024)}
}

@misc{PARCEL,
title = {Документация Parcel},
url = {https://parceljs.org/docs/},
note = {(дата обращения: 18.01.2024)}
}

@misc{Golang,
title = {Официальный сайт Golang},
url = {https://go.dev/}, 
note = {(дата обращения: 18.01.2024)}
}

@misc{ClickBench,
title = {Бенчмарк Clickhouse},
url = {https://benchmark.clickhouse.com},
note = {(дата обращения: 25.05.2024)}
}

@misc{ClickDocs,
title = {Документация Clickhouse},
url = {https://clickhouse.com/docs/ru},
note = {(дата обращения: 24.05.2024)}
}
